<?xml version="1.0" encoding="UTF-8"?><collection xmlns="http://www.loc.gov/MARC21/slim"><record><leader>00619nam--2200181-i-4500</leader><controlfield tag="001">000024180</controlfield><controlfield tag="002">20161230</controlfield><controlfield tag="005">20161230201035</controlfield><controlfield tag="008">060222s1000------------r-----000-0-fre-d</controlfield><datafield ind1=" " ind2=" " tag="040"><subfield code="a">IFIN-HH</subfield></datafield><datafield ind1=" " ind2=" " tag="041"><subfield code="a">fre</subfield></datafield><datafield ind1=" " ind2=" " tag="080"><subfield code="a">539.143.43.078(043)</subfield></datafield><datafield ind1="1" ind2=" " tag="100"><subfield code="a">Jardino, Michele, Nee Durand</subfield></datafield><datafield ind1="1" ind2="0" tag="245"><subfield code="a">Etude de la resonance hyperfine d`ions 199 hg+ confines dans une trappe radiofrequence et application a la realisation d`un oscillateur tres stable</subfield><subfield code="b">These</subfield><subfield code="c">Michele jardino, nee surand</subfield></datafield><datafield ind1=" " ind2=" " tag="260"><subfield code="a">Orsay</subfield><subfield code="b">Universite De Paris-sud</subfield><subfield code="c">1981</subfield></datafield><datafield ind1=" " ind2=" " tag="300"><subfield code="a">82P</subfield></datafield><datafield ind1=" " ind2=" " tag="852"><subfield code="a">70616</subfield><subfield code="c">539.143.43</subfield></datafield><datafield ind1=" " ind2=" " tag="CAT"><subfield code="a">Sys</subfield><subfield code="c">20120510</subfield><subfield code="h">201143</subfield></datafield></record></collection>